@inproceedings{joyner2016,
  author    = {Joyner, D. A. and Ashby, W. and Irish, L. and Lam, Y. and Langston, J. and Lupiani, I. and Lustig, M. and Pettoruto, P. and Sheahen, D. and Smiley, A. and Bruckman, A. and Goel, A.},
  title     = {Graders as Meta-Reviewers: Simultaneously Scaling and Improving Expert Evaluation for Large Online Classrooms},
  booktitle = {Proceedings of the Third Annual ACM Conference on Learning at Scale},
  location  = {Edinburgh, Scotland},
  year      = {2016}
}
@book{
    Russell_Norvig_2016,
    place={Harlow},
    title={Artificial Intelligence: A modern approach},
    publisher={Pearson},
    author={Russell, Stuart J. and Norvig, Peter},
    year={2016}
} 
